@unpublished{clifton_2019_openlidar,
  author       = {Clifton, Andrew and
                  Vasiljevic, Nikola and
                  Wuerth, Ines and
                  Steffen Raach and
                  Haizmann, Florian and
                  FÃ¼rst, Holger},
  title        = {{The OpenLidar Initiative for collaboration on wind 
                   lidar hardware and software}},
  month        = sep,
  year         = 2019,
  doi          = {10.5281/zenodo.3414197},
}

@Book{kahneman2011thinking,
	author = {Kahneman, Daniel},
 title = {Thinking, fast and slow},
 publisher = {Farrar, Straus and Giroux},
 year = {2011},
 address = {New York},
 isbn = {978-0374275631}
 }